@Book{abramowitz+stegun,
    author =    "Milton Abramowitz and Irene A. Stegun",
    title =     "Handbook of Mathematical Functions with
                 Formulas, Graphs, and Mathematical Tables",
    publisher = "Dover",
    year =      1964,
    address =   "New York",
    edition =   "ninth Dover printing, tenth GPO printing"
}

@Book{hicks2001,
    author =    "von Hicks, III, Michael",
    title =     "Design of a Carbon Fiber Composite Grid Structure for the GLAST 
                 Spacecraft Using a Novel Manufacturing Technique",
    publisher = "Stanford Press",
    year =      2001,
    address =   "Palo Alto",
    edition =   "1st,",
    isbn =      "0-69-697269-4"
}

@misc{wiki:latex,
    key =          "13240150",
    title =        "{LaTeX}",
    howpublished = "[online]",
    month =        "lipiec",
    year =         "2008",
    note =         "[dostęp: 2008-09-10 20:48Z]",
    annote = "Dostępny w Internecie: \url{http://pl.wikipedia.org/wiki/Fullpagename?oldid=13240150}"
}
@misc{rozpoznawanieObiektow,
	author = {Moses Olafenwa},
	title = {{Przykład rozpoznawania obrazów}},
	howpublished = "\url{https://towardsdatascience.com/object-detection-with-10-lines-of-code-d6cb4d86f606/}",
	year = {2018}, 
	note = "[Online; Dostęp: 30.09.18]"
}

@Book{Kriegman,
    author = "D. Kriegman, M.H. Yang and N. Ahuja",
    title = "Detecting faces inimages: a survey",
    publisher = "IEEE Transactions on Pattern Analysis and Machine Intelligence",
    year = 2002
}

@Book{wrinkleFeatures,
    author = "Ranjan Janaa, Debaleena Dattaa, Rituparna Sahaa",
    title = "Age Estimation from Face Image using Wrinkle Features",
    publisher = "RCC Institute of Information Technology",
    year = 2014,
    adress = "Canal South Road, Beliaghata, Kolkata and 700015, India"
}